
% ====================================================================================================
%									JOURNAL-ARTIKEL
% ====================================================================================================

@Article{DrechslerSchnabel2017,
  Title                    = {The deposits channel of monetary policy.},
  Author                   = {Drechsler and Itamar and Alexi Savov and Philipp Schnabl},
  Journal                  = {The Quarterly Journal of Economics},
  Year                     = {2017},
}

@Article{BenignoWoodford2005,
  Title                    = {Inflation Stabilization and Welfare: The Case of a Distorted Steady State},
  Author                   = {Benigno, Pierpaolo and Woodford, Michael},
  Journal                  = {Journal of the European Economic Association},
  Year                     = {2005},
  Number                   = {6},
  Pages                    = {1185-1236},
  Volume                   = {3}
}

@Article{FederalBulletin,
  Title                    = {Profits and Balance Sheet Developments
at U.S. Commercial Banks in 1999},
  Author                   = {William F. Bassett and Egon Zakrajsek},
  Journal                  = {Federal Reserve Bulletin},
  Year                     = {1999},
}

@Article{AdrianShin2010,
  Title                    = {Liquidity and Leverage},
  Author                   = {Adrian, T. and H. Shin},
  Journal                  = {Journal of Financial Intermediation.},
  Year                     = {2010},
  Number                   = {19},
  Pages                    = {418-437},
}

@Article{AdrianShin2011,
  Title                    = {Financial Intermediary Balance Sheet Management},
  Author                   = {Adrian, T. and H. Shin},
  Journal                  = {Annual Review of Financial Economics},
  Year                     = {2011},
  Number                   = {3},
  Pages                    = {289-307},
}

@Article{BergerBouwman2013,
  Title                    = {How Does Capital Affect Bank Performance During Financial Crises?},
  Author                   = {Allen N. Berger and Christa H. S. Bouwman},
  Journal                  = {Journal of Financial Economics - Forthcoming},
  Year                     = {2012},
}


@Article{Kalemli-OzcanBentSorensenSevcanYesiltas2011,
  Title                    = {Leverage Across Firms, Banks, and Countries},
  Author                   = {Sebnem Kalemli-Ozcan and Bent Sorensen and Sevcan Yesiltas 2011},
  Journal                  = {NBER Working Paper},
  Year                     = {2011},
}

% ====================================================================================================
%									ONLINE-QUELLE
% ====================================================================================================


@online{CochraneBlog,
  Title                    = {Inflation Drumbeat},
  Author                   = {John Cochrane},
  Month                    = {November},
  Url                      = {http://johnhcochrane.blogspot.de/2015/11/inflation-drumbeat.html},
  Year                     = {2015},
  urldate 				   = {2015-11-24}
}

@online{NBERBusinessCycles,
  Title                    = {US Business Cycle Expansions and Contractions},
  Author                   = {NBER},
  Month                    = {October},
  Url                      = {https://www.nber.org/cycles.html},
  Year                     = {2010},
  urldate 				   = {2020-04-18}
}

% ====================================================================================================
%									WORKING PAPER
% ====================================================================================================


@TechReport{GTT2013,
  Title                    = {Redistribution and Social Insurance},
  Author                   = {Golosov, Mikhail and Troshkin, Maxim and Tsyvinski, Aleh},
  Year                     = {2013},
  Number                   = {17642},
  Type                     = {NBER Working Paper}
}

% ====================================================================================================
%									FACHBUCH/LEHRBUCH
% ====================================================================================================

@Book{SLP1989,
  Title                    = {Recursive Methods in Economic Dynamics},
  Author                   = {Stokey, Nancy L. and Lucas Jr, Robert E. and Prescott, Edward C.},
  Publisher                = {Harvard University Press},
  Year                     = {1989}
}

% ====================================================================================================
%									ARTIKEL IN SAMMELBAND
% ====================================================================================================

@InCollection{Woodford2010,
  Title                    = {Optimal Monetary Stabilization Policy},
  Author                   = {Woodford, Michael},
  Publisher                = {Elsevier},
  Year                     = {2010},
  Edition                  = {1},
  Editor                   = {Benjamin M. Friedman and Michael Woodford},
  Pages                    = {723-828},
  Series                   = {Handbook of Monetary Economics},
  Volume                   = {3}
}


% ====================================================================================================
%									ZEITSCHRIFTENARTIKEL
% ====================================================================================================

@article{economist2015,
  Title 				  = {Pulled back in},
  Author 				  = {Economist},
  year 					  = {2015},
  volume 				  = {417},
  pages 				  = {21-23}
}
